<?xml version="1.0" encoding="UTF-8"?><collection xmlns="http://www.loc.gov/MARC21/slim"><record><leader>00369nam--2200121-i-4500</leader><controlfield tag="001">000016286</controlfield><controlfield tag="002">20161230</controlfield><controlfield tag="005">20161230201031</controlfield><controlfield tag="008">060222s1000------------r-----000-0-eng-d</controlfield><datafield ind1=" " ind2=" " tag="100"><subfield code="a">Caisso,J</subfield></datafield><datafield ind1=" " ind2=" " tag="245"><subfield code="a">Sur la desorganisation et la restauration a froud de cristaux d aluminium soumis a des tractions faibles.these</subfield></datafield><datafield ind1=" " ind2=" " tag="260"><subfield code="a">Poitiere,Universite,1955. 45p</subfield></datafield><datafield ind1=" " ind2=" " tag="852"><subfield code="a">77990</subfield></datafield></record></collection>